
@book{PrinciplesofCommunications,
title		= {Principles of Communications: systems modulation and noise},
edition 	= {7ma},
author		= {Ziemer-Tranter},
year		= {2015},
publisher	= {Wiley}
}
@COMMENT{https://en.wikibooks.org/wiki/LaTeX/Bibliography_Management#BibTeX}
